%! Author = eunsung
%! Date = 2023/09/11

